@manual{metas2002,
  author       = {{MetAs, S.A. de C.V.}},
  title        = {La Guía MetAs, Año 02 Nº 05},
  subtitle     = {Aceleración de la Gravedad},
  organization = {MetAs, S.A. de C.V.},
  address      = {Calle Jalisco 313, Col. Centro, Cd. Guzmán, Jalisco, México},
  year         = {2002},
  month        = may,
  url          = {https://www.metas.com.mx/guia_metas/archivos/La-Guia-MetAs-02-05-gl.pdf},
  note         = {Accedido el día XX de YYYY}
}
@online{khan2019hooke,
  author       = {{Khan Academy}},
  title        = {¿Qué es la ley de Hooke?},
  year         = {2019},
  url          = {https://es.khanacademy.org/science/physics/work-and-energy/hookes-law/a/what-is-hookes-law},
  note         = {Accedido el 18 de octubre de 2025}
}
@online{fisicalab2025principio,
  author       = {{FísicaLab}},
  title        = {Principio Fundamental},
  year         = {2025},
  url          = {https://www.fisicalab.com/apartado/principio-fundamental},
  note         = {Accedido el 18 de octubre de 2025}
}
@book{serway2014physics,
  title={Physics for Scientists and Engineers},
  author={Serway, Raymond A. and Jewett, John W.},
  edition={9th},
  year={2014},
  publisher={Cengage Learning}
}